<?xml version="1.0" encoding="UTF-8"?><collection xmlns="http://www.loc.gov/MARC21/slim"><record><leader>00332nam--2200133-i-4500</leader><controlfield tag="001">000049948</controlfield><controlfield tag="002">20161230</controlfield><controlfield tag="005">20161230201047</controlfield><controlfield tag="008">060222s1000------------r-----000-0-eng-d</controlfield><datafield ind1=" " ind2=" " tag="080"><subfield code="a">533.66</subfield></datafield><datafield ind1=" " ind2=" " tag="100"><subfield code="a">Babkin,V.I</subfield></datafield><datafield ind1=" " ind2=" " tag="245"><subfield code="a">Strui i nesushchie poverhnosti:modelirovanie na evm</subfield></datafield><datafield ind1=" " ind2=" " tag="260"><subfield code="a">Moskva, Nauka, 1989. 208 S</subfield></datafield><datafield ind1=" " ind2=" " tag="852"><subfield code="a">79025</subfield></datafield></record></collection>